<record><leader>00000cas a22000007a 4500</leader><controlfield tag="001">10163370</controlfield><controlfield tag="008">831126d187u1877pauwr ne      0    0eng d</controlfield><datafield ind1=" " ind2=" " tag="010"><subfield code="a">sn 83031725 </subfield></datafield><datafield ind1=" " ind2=" " tag="040"><subfield code="a">NPU</subfield><subfield code="b">eng</subfield><subfield code="c">NPU</subfield><subfield code="d">NPH</subfield><subfield code="d">NPX</subfield><subfield code="d">NPH</subfield><subfield code="d">OCLCQ</subfield></datafield><datafield ind1=" " ind2=" " tag="042"><subfield code="a">msc</subfield></datafield><datafield ind1="0" ind2=" " tag="130"><subfield code="a">Glen Rock item (Glen Rock, Pa. : 1873)</subfield></datafield><datafield ind1="1" ind2="4" tag="245"><subfield code="a">The Glen Rock item.</subfield></datafield><datafield ind1=" " ind2=" " tag="260"><subfield code="a">Glen Rock, Pa. :</subfield><subfield code="b">N.Z. Seitz,</subfield><subfield code="c">-1877.</subfield></datafield><datafield ind1=" " ind2=" " tag="300"><subfield code="a">v. ;</subfield><subfield code="c">53 cm.</subfield></datafield><datafield ind1=" " ind2=" " tag="310"><subfield code="a">Weekly</subfield></datafield><datafield ind1="0" ind2=" " tag="362"><subfield code="a">-v. 8, no. 28 (Dec. 28, 1877).</subfield></datafield><datafield ind1=" " ind2=" " tag="500"><subfield code="a">Editor: N.Z. Seitz, &lt;1876&gt;.</subfield></datafield><datafield ind1=" " ind2=" " tag="588"><subfield code="a">Description based on: Vol. 3, no. 31 (Jan. 23, 1873).</subfield></datafield><datafield ind1=" " ind2=" " tag="752"><subfield code="a">United States</subfield><subfield code="b">Pennsylvania</subfield><subfield code="c">York</subfield><subfield code="d">Glen Rock.</subfield></datafield><datafield ind1="0" ind2="0" tag="780"><subfield code="t">News-item (Glen Rock, Pa.)</subfield><subfield code="w">(DLC)sn 90069165</subfield></datafield><datafield ind1="0" ind2="0" tag="785"><subfield code="t">Item (Glen Rock, Pa.)</subfield><subfield code="w">(OCoLC)13478026</subfield></datafield></record>